<record><leader>00000cas a22000007a 4500</leader><controlfield tag="001">14202501</controlfield><controlfield tag="008">860910d18991926njudn ne      0    0eng d</controlfield><datafield ind1=" " ind2=" " tag="010"><subfield code="a">sn 86077145 </subfield></datafield><datafield ind1=" " ind2=" " tag="040"><subfield code="a">NPA</subfield><subfield code="b">eng</subfield><subfield code="c">NPA</subfield><subfield code="d">NJW</subfield><subfield code="d">OCLCQ</subfield></datafield><datafield ind1=" " ind2=" " tag="042"><subfield code="a">msc</subfield></datafield><datafield ind1="0" ind2="0" tag="245"><subfield code="a">Camden post-telegram.</subfield></datafield><datafield ind1=" " ind2=" " tag="260"><subfield code="a">Camden, N.J. :</subfield><subfield code="b">Post-Telegram Co.,</subfield><subfield code="c">1899-</subfield></datafield><datafield ind1=" " ind2=" " tag="300"><subfield code="a">v. :</subfield><subfield code="b">ill. (chiefly advertisements)</subfield></datafield><datafield ind1=" " ind2=" " tag="310"><subfield code="a">Daily (except Sun.)</subfield></datafield><datafield ind1="0" ind2=" " tag="362"><subfield code="a">New ser., no. 2 (June 12, 1899)-</subfield></datafield><datafield ind1="1" ind2=" " tag="362"><subfield code="a">Ceased with July 31, 1926 issue.</subfield></datafield><datafield ind1=" " ind2=" " tag="500"><subfield code="a">Issue for June 20, 1923 commemorates the 300th anniversary of Gloucester City, N.J.</subfield></datafield><datafield ind1=" " ind2=" " tag="500"><subfield code="a">Editor: H.L. Bonsall.</subfield></datafield><datafield ind1=" " ind2=" " tag="530"><subfield code="a">Also issued on microfilm by the Micro Photo Div., Bell &amp; Howell Co.</subfield></datafield><datafield ind1=" " ind2=" " tag="752"><subfield code="a">United States</subfield><subfield code="b">New Jersey</subfield><subfield code="c">Camden</subfield><subfield code="d">Camden.</subfield></datafield><datafield ind1="0" ind2="4" tag="780"><subfield code="t">Post (Camden, N.J. : 1883)</subfield><subfield code="w">(DLC)sn 86077144</subfield><subfield code="w">(OCoLC)14202495</subfield></datafield><datafield ind1="0" ind2="4" tag="780"><subfield code="t">Camden daily telegram</subfield><subfield code="w">(DLC)sn 87068202</subfield><subfield code="w">(OCoLC)16893584</subfield></datafield><datafield ind1="0" ind2="0" tag="785"><subfield code="t">Morning post (Camden, N.J.)</subfield><subfield code="w">(DLC)sn 84020434</subfield><subfield code="w">(OCoLC)10773073</subfield></datafield><datafield ind1="1" ind2=" " tag="029"><subfield code="a">AU@</subfield><subfield code="b">000025807497</subfield></datafield></record>